@article{molokk08,
journal="Journal of Systems and Software",
volume=81, 
issue=12,
month="December",
year= 2008, 
pages="2106–2117",
title="Using planning poker for combining expert estimates in software projects",
author="Kjetil Molokken-Pstvold and Nils Christian Haugen and Hans Christian Benestad",
}

@inproceedings{yang08aa,
  author    = {Qi Li and
               Qing Wang and
               Ye Yang and
               Mingshu Li},
  title     = {Reducing biases in individual software effort estimations: a combining
               approach},
  booktitle = {Proceedings of the Second International Symposium on Empirical Software
               Engineering and Measurement, {ESEM} 2008, October 9-10, 2008, Kaiserslautern,
               Germany},
  year      = {2008},
  pages     = {223--232}
}

@inproceedings{park88,
  author="R. Park", 
  title=“The central equations of the price software cost model",
  booktitle="4th COCOMO Users Group Meeting",
  month="November",
  year=1988
}

@inproceedings{frei79,
   author="F. Freiman and R. Park",
   title="PRICE Software Model - Version 3: An Overview",
   booktitle="Proceedings, IEEE-PINY Workshop on Quantitative Software Models, IEEE Catalog Number TH 0067-9",
   month="October",
   year= 1979, 
   pages="32-41"
}

@article{koc13a,
  title =	 "Software Effort Models Should be Assessed Via
                  Leave-One-Out Validation",
  author =	 "E. Kocaguneli and T. Menzies",
  journal =	 "Journal of Systems and Software",
  year =	 "2013, to appear",
  notes =	 "Available on-line at
                  \url{http://menzies.us/php/13loo.pdf}"
}

@article{watson77,
  author="C. Walston and C. Felix", 
  title="A Method of Programming Measurement and Estimation",
  journal="IBM Systems Journal",
  volumn= 16, 
  number=1, 
  year=1977, 
  pages="54-77"
}


@techreport{herd77,
  author="J. Herd and  J. Postak and W. Russell and J. Stewart",
  title="Software Cost Estimation Study-Study Results, Final Technical Report, RADC-TR-77-220",
  institution="Doty Associates",
  month="June",
  year= 1977
}

@techreport{black77,
  author="R. Black and R.  Curnow and R. Katz and M. Bray",
  title="BCS Software Production Data, Final Technical Report RADC-TR-77-116",
  institution="Boeing Computer Services, Inc.",
  month="March",
  year=1977
}

@inproceedings{putnam76,
  author="L. Putnam",
  title= "A Macro-Estimating Methodology for Software Development",
  booktitle="Proceedings, IEEE COMPCON76 Fall",
  month="September",
  year= 1976, 
  pages="38-43"
}
@article{wol74,
  author="R. Wolverton",
  title= "The Cost of Developing Large-Scale Software",
  journal="IEEE Trans. Computers",
  month="June",
  year= 1974, 
  pages="615-636"
}


@Book{cohen95,
  Author =	 "P.R. Cohen",
  Title =	 "Empirical Methods for Artificial Intelligence",
  Publisher =	 "MIT Press",
  Year =	 1995
}
@article{mittas13,
  author =	 {Nikolaos Mittas and Lefteris Angelis},
  title =	 {Ranking and Clustering Software Cost Estimation
                  Models through a Multiple Comparisons Algorithm},
  journal =	 {IEEE Trans. Software Eng.},
  volume =	 39,
  number =	 4,
  year =	 2013,
  pages =	 {537-551},
}

@article{shepperd12a,
  author =	 {Martin J. Shepperd and Steven G. MacDonell},
  title =	 {Evaluating prediction systems in software project
                  estimation},
  journal =	 {Information {\&} Software Technology},
  volume =	 54,
  number =	 8,
  year =	 2012,
  pages =	 {820-827},
}

@ARTICLE{jorgensen09,
  author =	 {J{\o}rgensen, M. and Gruschke, T.M.},
  journal =	 {Software Engineering, IEEE Transactions on},
  title =	 {The Impact of Lessons-Learned Sessions on Effort
                  Estimation and Uncertainty Assessments},
  year =	 2009,
  month =	 {May-June },
  volume =	 35,
  number =	 3,
  pages =	 {368 -383},
}



@TechReport{breiman84,
  author =	 "L. Breiman and J. H. Friedman and R. A. Olshen and
                  C. J. Stone",
  title =	 "Classification and Regression Trees",
  institution =	 "Wadsworth International, Monterey, CA",
  year =	 1984,
  annote =	 "cart algorithm"
}


@book{miller02,
  author =	 "A. Miller",
  title =	 "Subset Selection in Regression (second edition)",
  isbn =	 "1-58488-171-2",
  year =	 2002,
  publisher =	 "Chapman \& Hall"
}
@inproceedings{wagner07,
 author = {Wagner, Stefan},
 title = {Global Sensitivity Analysis of Predictor Models in Software Engineering},
 booktitle = {Proceedings of the Third International Workshop on Predictor Models in Software Engineering},
 series = {PROMISE '07},
 year = {2007},
} 

@article{chen05a,
  author =	 {Zhihao Chen and Barry Boehm and Tim Menzies and
                  Daniel Port},
  title =	 {Finding the Right Data for Software Cost Modeling},
  journal =	 {IEEE Software},
  volume =	 22,
  issn =	 {0740-7459},
  year =	 2005,
  pages =	 {38-46},
}
@inproceedings{posnet11,
  author =	 "D. Posnett and V. Filkov and P. Devanbu",
  title =	 "Ecological Inference in Empirical Software
                  Engineering",
  booktitle =	 "Proceedings of ASE'11",
  year =	 2011
}

@inproceedings{passos11,
  title =	 "Analyzing the Impact of Beliefs in Software Project
                  Practices",
  author =	 "Carol Passos and Ana Paula Braun and Daniela
                  S. Cruzes and Manoel Mendonca",
  year =	 2011,
  booktitle =	 "ESEM'11"
}

@article{me12d,
  author    = {Tim Menzies and
               Andrew Butcher and
               David R. Cok and
               Andrian Marcus and
               Lucas Layman and
               Forrest Shull and
               Burak Turhan and
               Thomas Zimmermann},
  title     = {Local versus Global Lessons for Defect Prediction and Effort
               Estimation},
  journal   = {IEEE Trans. Software Eng.},
  volume    = {39},
  number    = {6},
  year      = {2013},
  pages     = {822-834},
 class =	 "hJ",
  note =	 "Available from
                  \url{http://menzies.us/pdf/12localb.pdf}",

}
@inproceedings{kocharm13,
  author    = {Ekrem Kocaguneli and
               Thomas Zimmermann and
               Christian Bird and
               Nachiappan Nagappan and
               Tim Menzies},
  title     = {Distributed development considered harmful?},
  booktitle = {ICSE'13},
  year      = {2013},
  pages     = {882-890},
  ee        = {http://dl.acm.org/citation.cfm?id=2486908},
  crossref  = {DBLP:conf/icse/2013},
  bibsource = {DBLP, http://dblp.uni-trier.de}
}

@article{kampenes07,
<  author =	 {Vigdis By Kampenes and Tore Dyb{\aa} and Jo Erskine
                  Hannay and Dag I. K. Sj{\o}berg},
  title =	 {A systematic review of effect size in software
                  engineering experiments},
  journal =	 {Information {\&} Software Technology},
  volume =	 49,
  number =	 {11-12},
  year =	 2007,
  pages =	 {1073-1086},
}

@INPROCEEDINGS{arcuri11,
author={Arcuri, A. and Briand, L.}, 
booktitle={ICSE'11},
title={A practical guide for using statistical tests to assess randomized algorithms in software engineering}, 
year={2011}, 
pages={1-10}}

@article{Vargha00,
  author =	 {Vargha, A. and Delaney, H.},
  title =	 {A Critique and Improvement of the CL Common Language
                  Effect Size Statistics of McGraw and Wong},
  volume =	 25,
  number =	 2,
  pages =	 {101-132},
  year =	 2000,
  journal =	 {Journal of Educational and Behavioral Statistics}
}

@inproceedings{thayer74,
 author = {Thayer, Richard H. and Slaughter, John B. and Boehm, Barry W. and Clapp, Judith A. and Manley, John H. and Burrows, James H.},
 title = {The High Cost of Software: Causes and Corrections},
 booktitle = {Proceedings of the May 6-10, 1974, National Computer Conference and Exposition},
 series = {AFIPS '74},
 year = {1974},
 location = {Chicago, Illinois},
 pages = {1009--1009},
 numpages = {1},
 url = {http://doi.acm.org/10.1145/1500175.1500373},
 doi = {10.1145/1500175.1500373},
 acmid = {1500373},
 publisher = {ACM},
 address = {New York, NY, USA},
} 
@mastersthesis{papa13,
  author="Vasil Papakroni",
  title="Data Carving: Identifying and Removing Irrelevancies in the Data",
  school="Lane Department of Computer Science and Electrical Engineering, West Virginia Unviersity",
  year=2013
}
@mastersThesis{baker07,
  title =	 "A Hybrid Approach to Expert and Model-based Effort
                  Estimation ",
  author =	 "Dan Baker",
  year =	 2007,
  school =	 "Lane Department of Computer Science and Electrical
                  Engineering, West Virginia University",
  note =	 "Available from
                  \url{https://eidr.wvu.edu/etd/documentdata.eTD?documentid=5443}"
}

@inproceedings{minku14,
   author              = {Leandro L. Minku and 
                          Xin Yao},
   title               = {How to make best use of cross-company data in software effort estimation?},
   booktitle           = {ICSE'14},
   year                = {2014},
   pages               = {446-456},
   ee                  = {http://doi.acm.org/10.1145/2568225.2568228},
   crossref            = {2014},
}


@inproceedings{rosa14,
  author="Wilson Rosa and Barry Boehm and Brad Clark and Ray Madachy",
  title="Simple Empirical Cost Estimation Model",
  year=2014,
  booktitle="ESEM'14"
}


@Book{boehm81,
  Author =	 "B. Boehm",
  Title =	 "Software Engineering Economics",
  Publisher =	 "Prentice Hall",
  Year =	 1981
}


@Book{boehm00b,
  Author =	 "Barry Boehm and Ellis Horowitz and Ray Madachy and
                  Donald Reifer and Bradford K. Clark and Bert Steece
                  and A. Winsor Brown and Sunita Chulani and Chris
                  Abts",
  Title =	 "Software Cost Estimation with Cocomo II",
  Publisher =	 "Prentice Hall",
  Year =	 2000,
  ibsn =	 0130266922,
}

@misc{woller96,
  year =	 1996,
  title =	 "The Basics of Monte Carlo Simulations",
  author =	 "J. Woller",
  note =	 "University of Nebraska-Lincoln Physical Chemistry
                  Lab. Available at
                  \url{http://wwitch.unl.edu/zeng/joy/mclab/mcintro.html}"
}

@article{boehm76,
 author = {Boehm, B. W.},
 title = {Software Engineering},
 journal = {IEEE Trans. Comput.},
 issue_date = {December 1976},
 volume = {25},
 number = {12},
 month = dec,
 year = {1976},
 issn = {0018-9340},
 pages = {1226--1241},
 numpages = {16},
 url = {http://dx.doi.org/10.1109/TC.1976.1674590},
 doi = {10.1109/TC.1976.1674590},
 acmid = {1312684},
 publisher = {IEEE Computer Society},
 address = {Washington, DC, USA},
 keywords = {Computer software, data systems, information systems, research and development, software development, software engineering, software management.},
} 

@inproceedigs{jensen83,
   author="R. Jensen", 
   title=“An improved macrolevel software development resource estimation model",
   booktitle="5th ISPA Conference",
   month="April",
   year=1983,
   pages="88–92
}

@ARTICLE{Walkerden1999,
  author =	 {Walkerden, Fiona and Jeffery, Ross},
  title =	 {An Empirical Study of Analogy-based Software Effort
                  Estimation},
  journal =	 {Empirical Softw. Engg.},
  year =	 1999,
  volume =	 4,
  pages =	 {135--158},
  number =	 2,
  address =	 {Hingham, MA, USA},
  doi =		 {http://dx.doi.org/10.1023/A:1009872202035},
  issn =	 {1382-3256},
  publisher =	 {Kluwer Academic Publishers}
}


@ARTICLE{keung2008b,
  author =	 {Keung, Jacky Wai and Kitchenham, Barbara A. and
                  Jeffery, David Ross},
  title =	 {Analogy-X: Providing Statistical Inference to
                  Analogy-Based Software Cost Estimation},
  journal =	 {IEEE Trans. Softw. Eng.},
  year =	 2008,
  volume =	 34,
  pages =	 {471--484},
  number =	 4,
  address =	 {Piscataway, NJ, USA},
  doi =		 {http://dx.doi.org/10.1109/TSE.2008.34},
  issn =	 {0098-5589},
  publisher =	 {IEEE Press}
}
@article{shepperd97,
  author =	 "M. Shepperd and C. Schofield",
  title =	 "Estimating Software Project Effort Using Analogies",
  journal =	 "IEEE Transactions on Software Engineering",
  volume =	 23,
  number =	 12,
  month =	 "November",
  year =	 1997,
  note =	 "Available from
                  \url{http://www.utdallas.edu/~rbanker/SE_XII.pdf}"
}


@ARTICLE{me13a,
  author = {Ekrem Kocaguneli and Tim Menzies and Jacky Keung and David Cok and
	Ray Madachy},
  title = {Active Learning and Effort Estimation: Finding the Essential Content
	of Software Effort Estimation Data},
  journal = {IEEE Transactions on Software Engineering},
  year = {2013},
  volume = {39},
  pages = {1040-1053},
  number = {8},
}

@article{dejaeger12,
  author =	 {Karel Dejaeger and Wouter Verbeke and David Martens
                  and Bart Baesens},
  title =	 {Data Mining Techniques for Software Effort
                  Estimation: A Comparative Study},
  journal =	 {IEEE Transactions on Software Engineering},
  volume =	 38,
  year =	 2012,
  pages =	 {375-397},
}


@article{burgess01,
  author =	 "C.J. Burgess and Martin Lefley",
  title =	 "Can genetic programming improve software effort
                  estimation? A comparative evaluation",
  journal =	 "Information and Software Technology",
  volume =	 43,
  number =	 14,
  pages =	 "863--873",
  month =	 "December",
  year =	 2001
}
@INPROCEEDINGS{cordero97,
  author =	 {R. Cordero and M. Costamagna and E. Paschetta},
  year =	 1997,
  title =	 {A Genetic Algorithm Approach for the Calibration of
                  COCOMO-like Models},
  booktitle =	 {12th COCOMO Forum}
}


@ARTICLE{Kirsopp2003,
  author = {Kirsopp, C. and Shepperd, M. and
                  Premraj, R.},
  title = {Case and feature subset selection in
                  case-based software project effort
                  prediction},
  journal = {Proc. 22nd SGAI Int'l
                  Conf. Knowledge-Based Systems and
                  Applied Artificial Intelligence},
  year = 2003,
  pages = 61
  mendeley-groups ={Automatically Imported},  
  owner = {ekrem},
  publisher = {Springer-Verlag New York Inc},
  timestamp = {2009.11.26}
}

@book{schank77a,
  address = {Hillsdale, NJ.},
  author = {Schank, R. and Abelson, R.},
  publisher = {Lawrence Erlbaum Associates},
  title = {Scripts, plans, goals and understanding:  An inquiry into human knowledge structures},
  year = 1977
}

@ARTICLE{Kirsopp2002,
  author =	 {Kirsopp, C. and Shepperd, M.},
  title =	 {{Making inferences with small numbers of training
                  sets}},
  journal =	 {IEEE Proc.},
  year =	 2002,
  volume =	 149,
  doi =		 {10.1049/ip-sen},
  issue =	 5,
}
@article{kocaguneli2014transfer,
  title={Transfer learning in effort estimation},
  author={Kocaguneli, Ekrem and Menzies, Tim and Mendes, Emilia},
  journal={Empirical Software Engineering},
  pages={1--31},
  year={2014},
  publisher={Springer US}
}


@inproceedings{cora10,
  author =	 {Corazza, A. and Di Martino, S. and Ferrucci, F. and
                  Gravino, C. and Sarro, F. and Mendes, E.},
  title =	 {How effective is Tabu search to configure support
                  vector regression for effort estimation?},
  booktitle =	 {Proceedings of the 6th International Conference on
                  Predictive Models in Software Engineering},
  series =	 {PROMISE '10},
  year =	 2010,
  pages =	 {4:1--4:10},
}
@ARTICLE{Auer2006,
  author = {Auer, Martin and Trendowicz, Adam and Graser, Bernhard and Haunschmid,
	Ernst and Biffl, Stefan},
  title = {Optimal Project Feature Weights in Analogy-Based Cost Estimation:
	Improvement and Limitations},
  journal = {IEEE Trans. Softw. Eng.},
  year = {2006},
  volume = {32},
  pages = {83--92},
  issue = {2},
  mendeley-groups = {Automatically Imported,Cost}
}
@inproceedings{Shaw01,
 author = {Shaw, Mary},
 title = {The Coming-of-age of Software Architecture Research},
 booktitle = {Proceedings of the 23rd International Conference on Software Engineering},
 series = {ICSE '01},
 year = {2001},
 isbn = {0-7695-1050-7},
 location = {Toronto, Ontario, Canada},
 pages = {656--},
 url = {http://dl.acm.org/citation.cfm?id=381473.381549},
 acmid = {381549},
 publisher = {IEEE Computer Society},
 address = {Washington, DC, USA},
} 

@misc{dabney07,
  title =	 "Return on Investment for {IV\&V}",
  author =	 "J. B. Dabney",
  year =	 "2002-2004",
  note =	 "NASA funded study. Results Available from
                  \url{http://sarpresults.ivv.nasa.gov/ViewResearch/24.jsp}"
}

@ARTICLE{xxkoc11b,
  author =	 "E. Kocaguneli and T. Menzies and A. Bener and
                  J. Keung",
  journal =	 "IEEE Transactions on Software Engineering",
  title =	 "Exploiting the Essential Assumptions of
                  Analogy-Based Effort Estimation",
  year =	 2012,
  volume =	 28,
  issue =	 2,
  pages =	 "425-438",
  note =	 "Available from
                  \url{http://menzies.us/pdf/11teak.pdf}",
  class =	 "hJ"
}

@article{xxxkoc11a,
  title =	 "On the Value of Ensemble Effort Estimation",
  author =	 "E. Kocaguneli and Tim Menzies and J. Keung",
  year =	 2012,
  journal =	 "IEEE Transactions on Software Engineering",
  note =	 "Available from
                  \url{http://menzies.us/pdf/11comba.pdf}"
}

@article{myrtveit05,
  author =	 "Ingunn Myrtveit and Erik Stensrud and Martin
                  Shepperd",
  title =	 "Reliability and Validity in Comparative Studies of
                  Software Prediction Models",
  journal =	 "IEEE Transactions on Software Engineerining",
  year =	 2005,
  volume =	 31,
  number =	 5,
  month =	 "May",
  pages =	 "380-391"
}